[{"Quarter Ended": ["2022-03-26", "2021-12-25", "2021-09-25", "2021-06-26", "2021-03-27", "2020-12-26", "2020-09-26", "2020-06-27", "2020-03-28", "2019-12-28", "2019-09-28", "2019-06-29", "2019-03-30", "2018-12-29", "2018-09-29", "2018-06-30", "2018-03-31", "2017-12-30", "2017-09-30", "2017-07-01", "2017-04-01", "2016-12-31", "2016-09-24", "2016-06-25", "2016-03-26", "2015-12-26", "2015-09-26", "2015-06-27", "2015-03-28", "2014-12-27", "2014-09-27", "2014-06-28", "2014-03-29", "2013-12-28", "2013-09-28", "2013-06-29", "2013-03-30", "2012-12-29", "2012-09-29", "2012-06-30"], "Revenue": ["5,887", "4,826", "4,313", "3,850", "3,445", "3,244", "2,801", "1,932", "1,786", "2,127", "1,801", "1,531", "1,272", "1,419", "1,653", "1,756", "1,647", "1,340", "1,584", "1,151", "1,178", "1,153", "1,307", "1,027", "832", "958", "1,061", "942", "1,030", "1,239", "1,429", "1,441", "1,397", "1,589", "1,461", "1,161", "1,088", "1,155", "1,269", "1,413"], "Revenue Growth (YoY)": ["70.88%", "48.77%", "53.98%", "99.28%", "92.89%", "52.52%", "55.53%", "26.19%", "40.41%", "49.89%", "8.95%", "-12.81%", "-22.77%", "5.90%", "4.36%", "52.56%", "39.81%", "16.22%", "21.19%", "12.07%", "41.59%", "20.36%", "23.19%", "9.02%", "-19.22%", "-22.68%", "-25.75%", "-34.63%", "-26.27%", "-22.03%", "-2.19%", "24.12%", "28.40%", "37.58%", "15.13%", "-17.83%", "-31.36%", "-31.70%", "-24.91%", "-10.23%"], "Cost of Revenue": ["3,069", "2,400", "2,227", "2,020", "1,858", "1,793", "1,571", "1,084", "968", "1,178", "1,024", "910", "751", "882", "992", "1,104", "1,050", "888", "1,013", "765", "800", "797", "1,248", "708", "563", "675", "822", "710", "704", "879", "935", "943", "910", "1,036", "940", "702", "643", "977", "877", "775"], "Gross Profit": ["2,818", "2,426", "2,086", "1,830", "1,587", "1,451", "1,230", "848", "818", "949", "777", "621", "521", "537", "661", "652", "597", "452", "571", "386", "378", "356", "59", "319", "269", "283", "239", "232", "326", "360", "494", "498", "487", "553", "521", "459", "445", "178", "392", "638"], "Selling, General & Admin": ["597", "412", "376", "341", "319", "308", "273", "215", "199", "206", "185", "189", "170", "138", "148", "142", "134", "134", "132", "127", "123", "127", "117", "117", "105", "109", "108", "134", "131", "144", "150", "154", "156", "169", "155", "171", "179", "193", "188", "212"], "Research & Development": ["1,060", "811", "765", "659", "610", "573", "508", "460", "442", "395", "406", "373", "373", "371", "363", "357", "343", "320", "320", "285", "271", "264", "259", "243", "242", "229", "241", "235", "242", "238", "278", "277", "279", "293", "288", "308", "312", "313", "328", "345"], "Other Operating Expenses": ["210", "-4", "-3", "-1", "-4", "0", "0", "0", "0", "0", "0", "0", "-60", "0", "0", "0", "0", "0", "0", "-25", "-27", "-31", "-24", "-33", "-10", "-6", "48", "0", "90", "308", "3", "4", "3", "-44", "-17", "9", "52", "94", "7", "4"], "Operating Expenses": ["1,867", "1,219", "1,138", "999", "925", "881", "781", "675", "641", "601", "591", "562", "483", "509", "511", "499", "477", "454", "452", "387", "367", "360", "352", "327", "337", "332", "397", "369", "463", "690", "431", "435", "438", "418", "426", "488", "543", "600", "523", "561"], "Operating Income": ["951", "1,207", "948", "831", "662", "570", "449", "173", "177", "348", "186", "59", "38", "28", "150", "153", "120", "-2", "119", "-1", "11", "-4", "-293", "-8", "-68", "-49", "-158", "-137", "-137", "-330", "63", "63", "49", "135", "95", "-29", "-98", "-422", "-131", "77"], "Interest Expense / Income": ["13", "8", "7", "10", "9", "9", "11", "14", "13", "18", "24", "25", "27", "29", "30", "31", "31", "31", "31", "32", "32", "34", "41", "41", "40", "41", "39", "40", "40", "41", "43", "46", "47", "44", "47", "42", "44", "45", "44", "43"], "Other Expense / Income": ["39", "-4", "-64", "-2", "9", "12", "36", "-2", "-4", "125", "35", "-3", "8", "-4", "6", "0", "0", "-2", "5", "6", "7", "9", "68", "-147", "0", "2", "0", "3", "0", "-4", "1", "49", "20", "1", "-3", "0", "2", "2", "-18", "3"], "Pretax Income": ["899", "1,203", "1,005", "823", "644", "549", "402", "161", "168", "205", "127", "37", "3", "3", "114", "122", "89", "-31", "83", "-39", "-28", "-47", "-402", "98", "-108", "-92", "-197", "-180", "-177", "-367", "19", "-32", "-18", "90", "51", "-71", "-144", "-469", "-157", "31"], "Income Tax": ["113", "229", "82", "113", "89", "-1,232", "12", "4", "6", "35", "7", "2", "-13", "-35", "12", "6", "8", "-12", "22", "3", "5", "5", "4", "29", "1", "10", "0", "1", "3", "-3", "2", "4", "2", "1", "3", "3", "2", "4", "0", "-6"], "Net Income": ["786", "974", "923", "710", "555", "1,781", "390", "157", "162", "170", "120", "35", "16", "38", "102", "116", "81", "-19", "61", "-42", "-33", "-52", "-406", "69", "-109", "-102", "-197", "-181", "-180", "-364", "17", "-36", "-20", "89", "48", "-74", "-146", "-473", "-157", "37"], "Net Income Common": ["786", "974", "923", "710", "555", "1,781", "390", "157", "162", "170", "120", "35", "16", "38", "102", "116", "81", "-19", "61", "-42", "-33", "-52", "-406", "69", "-109", "-102", "-197", "-181", "-180", "-364", "17", "-36", "-20", "89", "48", "-74", "-146", "-473", "-157", "37"], "Net Income Growth": ["41.62%", "-45.31%", "136.67%", "352.23%", "242.59%", "947.65%", "225.00%", "348.57%", "912.50%", "347.37%", "17.65%", "-69.83%", "-80.25%", "-", "67.21%", "-", "-", "-", "-", "-", "-", "-", "-", "-", "-", "-", "-", "-", "-", "-", "-64.58%", "-", "-", "-", "-", "-", "-", "-", "-", "-39.34%"], "Shares Outstanding (Basic)": ["1,393", "1,210", "1,214", "1,216", "1,213", "1,208", "1,184", "1,174", "1,170", "1,139", "1,097", "1,084", "1,044", "1,000", "987", "972", "968", "967", "957", "945", "939", "937", "815", "794", "793", "792", "785", "778", "777", "777", "770", "764", "761", "757", "757", "752", "749", "747", "745", "739"], "Shares Outstanding (Diluted)": ["1,410", "1,223", "1,230", "1,232", "1,231", "1,204", "1,215", "1,227", "1,224", "1,159", "1,117", "1,109", "1,094", "1,082", "1,076", "1,147", "1,039", "967", "1,042", "945", "939", "937", "815", "821", "793", "792", "785", "778", "777", "777", "785", "764", "761", "757", "764", "752", "749", "747", "745", "755"], "Shares Change": ["14.54%", "1.58%", "1.23%", "0.41%", "0.57%", "3.88%", "8.77%", "10.64%", "11.88%", "7.12%", "3.81%", "-3.31%", "5.29%", "11.89%", "3.26%", "21.38%", "10.65%", "3.20%", "27.85%", "15.10%", "18.41%", "18.31%", "3.82%", "5.53%", "2.06%", "1.93%", "-", "1.83%", "2.10%", "2.64%", "2.75%", "1.60%", "1.60%", "1.34%", "2.55%", "-0.40%", "2.04%", "0.67%", "0.54%", "1.62%"], "EPS (Basic)": ["0.56", "0.81", "0.76", "0.58", "0.46", "1.50", "0.33", "0.13", "0.14", "0.15", "0.11", "0.03", "0.01", "0.03", "0.10", "0.12", "0.08", "-0.02", "0.06", "-0.04", "-0.04", "-0.04", "-0.50", "0.09", "-0.14", "-0.12", "-0.25", "-0.23", "-0.23", "-0.48", "0.02", "-0.05", "-0.03", "0.12", "0.06", "-0.10", "-0.19", "-0.64", "-0.21", "0.05"], "EPS (Diluted)": ["0.56", "0.79", "0.75", "0.58", "0.45", "1.47", "0.32", "0.13", "0.14", "0.15", "0.11", "0.03", "0.01", "0.04", "0.09", "0.11", "0.08", "-0.02", "0.06", "-0.04", "-0.04", "-0.04", "-0.50", "0.08", "-0.14", "-0.12", "-0.25", "-0.23", "-0.23", "-0.48", "0.02", "-0.05", "-0.03", "0.12", "0.06", "-0.10", "-0.19", "-0.64", "-0.21", "0.05"], "EPS Growth": ["24.44%", "-46.26%", "134.38%", "346.15%", "221.43%", "880.00%", "190.91%", "333.33%", "1300.00%", "275.00%", "22.22%", "-72.73%", "-87.50%", "-", "50.00%", "-", "-", "-", "-", "-", "-", "-", "-", "-", "-", "-", "-", "-", "-", "-", "-66.67%", "-", "-", "-", "-", "-", "-", "-", "-", "-37.50%"], "Free Cash Flow Per Share": ["0.66", "0.61", "0.63", "0.73", "0.69", "0.40", "0.22", "0.13", "-0.10", "0.35", "0.16", "-0.03", "-0.26", "0.08", "0.04", "-0.10", "-0.16", "0.29", "0.04", "-0.10", "-0.34", "0.17", "0.03", "-0.13", "-0.09", "0.03", "-0.09", "-0.10", "-0.25", "0.12", "-0.01", "-0.07", "-0.30", "-", "0.08", "-0.08", "0.00", "-0.41", "-0.36", "0.06"], "Gross Margin": ["47.87%", "50.27%", "48.37%", "47.53%", "46.07%", "44.73%", "43.91%", "43.89%", "45.80%", "44.62%", "43.14%", "40.56%", "40.96%", "37.84%", "39.99%", "37.13%", "36.25%", "33.73%", "36.05%", "33.54%", "32.09%", "30.88%", "4.51%", "31.06%", "32.33%", "29.54%", "22.53%", "24.63%", "31.65%", "29.06%", "34.57%", "34.56%", "34.86%", "34.80%", "35.66%", "39.53%", "40.90%", "15.41%", "30.89%", "45.15%"], "Operating Margin": ["16.15%", "25.01%", "21.98%", "21.58%", "19.22%", "17.57%", "16.03%", "8.95%", "9.91%", "16.36%", "10.33%", "3.85%", "2.99%", "1.97%", "9.07%", "8.71%", "7.29%", "-0.15%", "7.51%", "-0.09%", "0.93%", "-0.35%", "-22.42%", "-0.78%", "-8.17%", "-5.12%", "-14.89%", "-14.54%", "-13.30%", "-26.63%", "4.41%", "4.37%", "3.51%", "8.50%", "6.50%", "-2.50%", "-9.01%", "-36.54%", "-10.32%", "5.45%"], "Profit Margin": ["13.35%", "20.18%", "21.40%", "18.44%", "16.11%", "54.90%", "13.92%", "8.13%", "9.07%", "7.99%", "6.66%", "2.29%", "1.26%", "2.68%", "6.17%", "6.61%", "4.92%", "-1.42%", "3.85%", "-3.65%", "-2.80%", "-4.51%", "-31.06%", "6.72%", "-13.10%", "-10.65%", "-18.57%", "-19.21%", "-17.48%", "-29.38%", "1.19%", "-2.50%", "-1.43%", "5.60%", "3.28%", "-6.37%", "-13.42%", "-40.95%", "-12.37%", "2.62%"], "Free Cash Flow Margin": ["15.70%", "15.25%", "17.71%", "23.06%", "24.15%", "14.80%", "9.46%", "7.87%", "-6.72%", "18.81%", "9.94%", "-1.83%", "-21.62%", "5.57%", "2.60%", "-5.58%", "-9.29%", "20.90%", "2.21%", "-8.17%", "-27.33%", "13.70%", "1.53%", "-10.32%", "-8.17%", "2.82%", "-6.88%", "-7.86%", "-18.83%", "7.59%", "-0.77%", "-3.54%", "-16.11%", "-", "4.31%", "-5.17%", "0.28%", "-26.67%", "-21.43%", "2.97%"], "Effective Tax Rate": ["12.57%", "19.04%", "8.16%", "13.73%", "13.82%", "-224.41%", "2.99%", "2.48%", "3.57%", "17.07%", "5.51%", "5.41%", "-433.33%", "-1166.67%", "10.53%", "4.92%", "8.99%", "38.71%", "26.51%", "-7.69%", "-17.86%", "-10.64%", "-1.00%", "29.59%", "-0.93%", "-10.87%", "0.00%", "-0.56%", "-1.69%", "0.82%", "10.53%", "-12.50%", "-11.11%", "1.11%", "5.88%", "-4.23%", "-1.39%", "-0.85%", "0.00%", "-19.35%"], "EBITDA": ["1,540", "1,345", "1,124", "943", "760", "659", "506", "257", "259", "296", "220", "123", "85", "75", "185", "195", "164", "39", "150", "28", "38", "21", "-328", "172", "-35", "-17", "-116", "-95", "-91", "-278", "111", "67", "82", "188", "155", "30", "-34", "-358", "-47", "139"], "EBITDA Margin": ["26.16%", "27.87%", "26.06%", "24.49%", "22.06%", "20.31%", "18.07%", "13.30%", "14.50%", "13.92%", "12.21%", "8.03%", "6.68%", "5.29%", "11.19%", "11.11%", "9.96%", "2.91%", "9.47%", "2.43%", "3.23%", "1.82%", "-25.10%", "16.75%", "-4.21%", "-1.77%", "-10.93%", "-10.08%", "-8.83%", "-22.44%", "7.77%", "4.65%", "5.87%", "11.83%", "10.61%", "2.58%", "-3.13%", "-31.00%", "-3.70%", "9.84%"], "Depreciation & Amortization": ["628", "134", "112", "110", "107", "101", "93", "82", "78", "73", "69", "61", "55", "43", "41", "42", "44", "39", "36", "35", "34", "34", "33", "33", "33", "34", "42", "45", "46", "48", "49", "53", "53", "54", "57", "59", "66", "66", "66", "65"], "EBIT": ["912", "1,211", "1,012", "833", "653", "558", "413", "175", "181", "223", "151", "62", "30", "32", "144", "153", "120", "0", "114", "-7", "4", "-13", "-361", "139", "-68", "-51", "-158", "-140", "-137", "-326", "62", "14", "29", "134", "98", "-29", "-100", "-424", "-113", "74"], "EBIT Margin": ["15.49%", "25.09%", "23.46%", "21.64%", "18.95%", "17.20%", "14.74%", "9.06%", "10.13%", "10.48%", "8.38%", "4.05%", "2.36%", "2.25%", "8.71%", "8.71%", "7.29%", "-", "7.20%", "-0.61%", "0.34%", "-1.13%", "-27.62%", "13.54%", "-8.17%", "-5.32%", "-14.89%", "-14.86%", "-13.30%", "-26.31%", "4.34%", "0.97%", "2.08%", "8.43%", "6.71%", "-2.50%", "-9.19%", "-36.71%", "-8.91%", "5.24%"]}]